@misc{a,

    howpublished = {\url{https://3dstampa.rs/sta-je-3d-stampa/}}
    
}
@misc{b,
    
    howpublished = {\url{https://3dstampa.rs/sta-sve-moze-da-se-3d-stampa//}}
    
}
@misc{c,

    howpublished = {\url{https://bs.eferrit.com/ko-je-pronasao-3d-stampanje//}}
    
}
@misc{d,

    howpublished = {\url{https://www.rapiddirect.com/blog/3d-prototyping//}}
    
}
@misc{e,

    howpublished = {\url{https://www.nano-di.com/resources/blog/2019-the-3d-inkjet-printing-process-explained/}}
    
}
@misc{lom,

    howpublished = {\url{%https://www.twi-global.com/technical-knowledge/faqs/what-is-laminated-object-manufacturing-lom/}}
    
}
@misc{fdm,

    howpublished = {\url{%https://tractus3d.com/knowledge/learn-3d-printing/fdm-3d-printing//}}
    
}
%https://3dstampa.rs/sta-sve-moze-da-se-3d-stampa/
%https://bs.eferrit.com/ko-je-pronasao-3d-stampanje/
%https://www.rapiddirect.com/blog/3d-prototyping/
%https://www.nano-di.com/resources/blog/2019-the-3d-inkjet-printing-process-explained
%https://www.twi-global.com/technical-knowledge/faqs/what-is-laminated-object-manufacturing-lom
%https://tractus3d.com/knowledge/learn-3d-printing/fdm-3d-printing/